<record><leader>00000cas a22000007a 4500</leader><controlfield tag="001">35147351</controlfield><controlfield tag="008">960726d19111914okuwr n       0    0eng d</controlfield><datafield ind1=" " ind2=" " tag="010"><subfield code="a">sn 96087968 </subfield></datafield><datafield ind1=" " ind2=" " tag="040"><subfield code="a">OBN</subfield><subfield code="b">eng</subfield><subfield code="c">OBN</subfield><subfield code="d">OCLCQ</subfield><subfield code="d">DLC</subfield></datafield><datafield ind1=" " ind2=" " tag="042"><subfield code="a">msc</subfield></datafield><datafield ind1=" " ind2=" " tag="043"><subfield code="a">n-us-ok</subfield></datafield><datafield ind1="0" ind2=" " tag="130"><subfield code="a">Choctaw County democrat (Soper, Okla.)</subfield></datafield><datafield ind1="1" ind2="0" tag="245"><subfield code="a">Choctaw County democrat.</subfield></datafield><datafield ind1=" " ind2=" " tag="260"><subfield code="a">Soper, Choctaw County, Okla. :</subfield><subfield code="b">Walter L. Garner</subfield></datafield><datafield ind1=" " ind2=" " tag="300"><subfield code="a">v.</subfield></datafield><datafield ind1=" " ind2=" " tag="310"><subfield code="a">Weekly</subfield></datafield><datafield ind1="1" ind2=" " tag="362"><subfield code="a">Began in 1911; ceased in 1914.</subfield></datafield><datafield ind1=" " ind2=" " tag="588"><subfield code="a">Description based on: Vol. 1, no. 11 (Aug. 10, 1911).</subfield></datafield><datafield ind1=" " ind2="0" tag="651"><subfield code="a">Soper (Okla.)</subfield><subfield code="v">Newspapers.</subfield></datafield><datafield ind1=" " ind2="0" tag="651"><subfield code="a">Choctaw County (Okla.)</subfield><subfield code="v">Newspapers.</subfield></datafield><datafield ind1=" " ind2=" " tag="752"><subfield code="a">United States</subfield><subfield code="b">Oklahoma</subfield><subfield code="c">Choctaw</subfield><subfield code="d">Soper.</subfield></datafield><datafield ind1="0" ind2="0" tag="785"><subfield code="t">Soper democrat</subfield><subfield code="w">(DLC)sn 96087969</subfield><subfield code="w">(OCoLC)35147419</subfield></datafield><datafield ind1="1" ind2=" " tag="029"><subfield code="a">AU@</subfield><subfield code="b">000024814098</subfield></datafield></record>